@article{ou_entailement,
    author  = "Shiyan Ou and Zhenyuan Zhu",
    title   = "An Entailment-Based Question Answering System over Semantic Web Data",
    year    = "??",
    journal = "??",
    volume  = "??",
    number  = "?",
    pages   = "?--?"
},
@article{gupta_survey,
    author  = "Poonam Gupta and Vishal Gupta",
    title   = "A Survey of Text Question Answering Techniques",
    year    = "2012",
    journal = "International Journal of Computer Applications",
    volume  = "53",
    number  = "4",
    pages   = "1--8"
},
@article{rui_relations,
    author  = "Rui Wang and Shuguang Li",
    title   = "Constructing a Question Corpus for Textual Semantic Relations",
    year    = "??",
    journal = "??",
    volume  = "??",
    number  = "?",
    pages   = "?--?"
},
@techreport{settles_active_learning_survey,
	author = {Burr Settles},
	institution = {University of Wisconsin--Madison},
	number = {1648},
	title = {Active Learning Literature Survey},
	year = {2009},
},
@article{dualist,
    author  = "Burr Settles",
    title   = "Closing the Loop: Fast, Interactive Semi-Supervised annotation With Queries on Features and Instances",
    year    = "2011",
    journal = "2011 Conference on Empirical Methods in Natural Language Processing",
    pages   = "1467--1478"
},
@incollection{infgain,
    year = {2006},
    isbn = {978-3-540-35487-1},
    booktitle = {Feature Extraction},
    volume = {207},
    series = {Studies in Fuzziness and Soft Computing},
    editor = {Guyon, Isabelle and Nikravesh, Masoud and Gunn, Steve and Zadeh, LotfiA.},
    doi = {10.1007/978-3-540-35488-8\_23},
    title = {Information Gain, Correlation and Support Vector Machines},
    url = {http://dx.doi.org/10.1007/978-3-540-35488-8\_23},
    publisher = {Springer Berlin Heidelberg},
    author = {Roobaert, Danny and Karakoulas, Grigoris and Chawla, NiteshV.},
    pages = {463-470},
    language = {English}
},
@article{KappaCarletta,
    author  = "Jean Carletta",
    title   = "Assessing agreement on classification tasks: the kappa statistic",
    year    = "1996",
    journal = "Computational Linguistics",
    volume  = "22(2)",
    pages   = "249--254"}
@article{BizerLinkedData,
    author  = "Christian Bizer, Tom Heath and Tim Berners-Lee",
    title   = "Liked Data-the story so far",
    year    = "2009",
    journal = "International journal on semantic web and information systems",
    volume  = "5(3)",
    pages   = "1--22"
},
@misc{BernersLeeLinkedDataGuide,
    author = "Tim Berners-Lee",
    title = "Linked Data - Design Issues",
    month = "November",
    year = "2014",
    url = "http://www.w3.org/DesignIssues/LinkedData.html",
},
@misc{brickleyRDF,
    author = "Dan Brickley and Ramanathan V. Guha",
    title = "RDF Vocabulary Description Language 1.0: RDF Schema - W3C Recommendation",
    month = "November",
    year = "2014",
    url = "http://www.w3.org/TR/rdf-schema/",
},
@incollection{ungerQALD,
    year        = "2014",
    isbn        = "978-3-319-10586-4",
    booktitle   = "Reasoning Web. Reasoning on the Web in the Big Data Era",
    volume      = "8714",
    series      = "Lecture Notes in Computer Science",
    editor      = "Koubarakis, Manolis and Stamou, Giorgos and Stoilos, Giorgos and Horrocks, Ian and Kolaitis, Phokion and Lausen, Georg and Weikum, Gerhard",
    title       = "An Introduction to Question Answering over Linked Data",
    publisher   = "Springer International Publishing",
    author      = "Unger, Christina and Freitas, Andr√© and Cimiano, Philipp",
    pages       = "100--140",
    language    = "English",
},
@article{Kosseimmuyparecido,
     author     = {Kosseim, Leila and Yousefi, Jamileh},
     title      = {Improving the Performance of Question Answering with Semantically Equivalent Answer Patterns},
     journal    = {Data Knowl. Eng.},
     volume     = {66},
     number     = {1},
     year       = {2008},
     issn       = {0169-023X},
     pages      = {53--67},
     numpages   = {15},
     url        = {http://dx.doi.org/10.1016/j.datak.2007.07.010},
     acmid      = {1377096},
     publisher  = {Elsevier Science Publishers B. V.},
},
@article{Sebastiani-text-categorization,
     author     = {Sebastiani, Fabrizio},
     title      = {Machine Learning in Automated Text Categorization},
     journal    = {ACM Comput. Surv.},
     volume     = {34},
     number     = {1},
     year       = {2002},
     issn       = {0360-0300},
     pages      = {1--47},
     numpages   = {47},
     acmid      = {505283},
     publisher  = {ACM},
     address    = {New York, NY, USA},
     keywords   = {Machine learning, text categorization, text classification},
},
@incollection{rare-classes-holpedales,
    author      = {Hospedales, TimothyM. and Gong, Shaogang and Xiang, Tao},
    booktitle   = {Advances in Knowledge Discovery and Data Mining},
    title       = {Finding Rare Classes: Adapting Generative and Discriminative Models in Active Learning},
    year        = {2011},
    isbn        = {978-3-642-20846-1},
    volume      = {6635},
    series      = {Lecture Notes in Computer Science},
    editor      = {Huang, JoshuaZhexue and Cao, Longbing and Srivastava, Jaideep},
    publisher   = {Springer Berlin Heidelberg},
    pages       = {296-308},
    language    = {English},
},
@inproceedings{al-multiclass-jain,
    author      = {Jain, P. and Kapoor, A.},
    booktitle   = {Computer Vision and Pattern Recognition, 2009. CVPR 2009. IEEE Conference on},
    title       = {Active learning for large multi-class problems},
    year        = {2009},
    month       = {June},
    pages       = {762-769},
    ISSN        = {1063-6919},
},
@inproceedings{AL-imbalanced-Ertekin,
     author     = {Ertekin, Seyda and Huang, Jian and Bottou, Leon and Giles, Lee},
     title      = {Learning on the Border: Active Learning in Imbalanced Data Classification},
     booktitle  = {Proceedings of the Sixteenth ACM Conference on Conference on Information and Knowledge Management},
     series     = {CIKM '07},
     year       = {2007},
     isbn       = {978-1-59593-803-9},
     location   = {Lisbon, Portugal},
     pages      = {127--136},
     numpages   = {10},
     acmid      = {1321461},
     publisher  = {ACM},
},
@inproceedings{settles-al-features,
    author     = {Druck, Gregory and Settles, Burr and McCallum, Andrew},
    title      = {Active Learning by Labeling Features},
    booktitle  = {Proceedings of the 2009 Conference on Empirical Methods in Natural Language Processing: Volume 1 - Volume 1},
    series     = {EMNLP '09},
    year       = {2009},
    isbn       = {978-1-932432-59-6},
    location   = {Singapore},
    pages      = {81--90},
    numpages   = {10},
    url        = {http://dl.acm.org/citation.cfm?id=1699510.1699522},
    acmid      = {1699522},
    publisher  = {Association for Computational Linguistics},
    address    = {Stroudsburg, PA, USA},
},
@article{scikit-learn,
    title      = {Scikit-learn: Machine Learning in {P}ython},
    author     = {Pedregosa, F. and Varoquaux, G. and Gramfort, A. and Michel, V.
         and Thirion, B. and Grisel, O. and Blondel, M. and Prettenhofer, P.
         and Weiss, R. and Dubourg, V. and Vanderplas, J. and Passos, A. and
         Cournapeau, D. and Brucher, M. and Perrot, M. and Duchesnay, E.},
    journal    = {Journal of Machine Learning Research},
    volume     = {12},
    pages      = {2825--2830},
    year       = {2011}
},
@book{multinomial-manning,
    author     = {Manning, Christopher D. and Raghavan, Prabhakar and Sch\"{u}tze, Hinrich},
    title      = {Introduction to Information Retrieval},
    year       = {2008},
    isbn       = {0521865719, 9780521865715},
    publisher  = {Cambridge University Press},
    address    = {New York, NY, USA},
},
@article{multinomialnb-comparision-mccallum,
    author  = {Andrew McCallum and Kamal Nigam},
    title   = {A comparison of event models for Naive Bayes text classification},
    year    = {1998},
    journal = {AAAI-98 workshop on learning for text categorization},
    volume  = {752},
    pages   = {41--48},
},
@inproceedings{multinomialnb-unbalanced,
    author      = {Frank, Eibe and Bouckaert, Remco R.},
    title       = {Naive Bayes for Text Classification with Unbalanced Classes},
    booktitle   = {Proceedings of the 10th European Conference on Principle and Practice of Knowledge Discovery in Databases},
    series      = {PKDD'06},
    year        = {2006},
    isbn        = {3-540-45374-1, 978-3-540-45374-1},
    location    = {Berlin, Germany},
    pages       = {503--510},
    numpages    = {8},
    url         = {http://dx.doi.org/10.1007/11871637\_49},
    doi         = {10.1007/11871637\_49},
    acmid       = {2089908},
    publisher   = {Springer-Verlag},
    address     = {Berlin, Heidelberg},
},
@book{zipf1,
    author      = "Zipf, George Kingsley",
    title       = "The psycho-biology of language: an introduction to dynamic philology",
    publisher   = "Houghton Mifflin company",
    year        = 1935,
    address     = "Boston",
}
@book{zipf2,
    author      = "Zipf, George Kingsley",
    title       = "Human behavior and the principle of least effort: An introduction to human ecology",
    publisher   = "Hafner",
    year        = 1949,
},
@article{entropy-shannon,
 author = {Shannon, C. E.},
 title = {A Mathematical Theory of Communication},
 journal = {Bell System Technical Journal},
 volume = {27},
 month = jul,
 year = {1948},
 pages = {379--423},
},
@inproceedings{entropy-or,
    author = {Holub, A. and Perona, P. and Burl, M.C.},
    booktitle = {Computer Vision and Pattern Recognition Workshops, 2008. CVPRW '08. IEEE Computer Society Conference on},
    title = {Entropy-based active learning for object recognition},
    year = {2008},
    month = {June},
    pages = {1-8},
    keywords = {entropy;learning (artificial intelligence);object recognition;Web image-search queries;autonomous agent;entropy-based active learning;object categories;object recognition;open-world visual learning;text-based Web image;unlabeled images;Autonomous agents;Entropy;Histograms;Image sampling;Labeling;Laboratories;Object recognition;Propulsion;Scattering;Training data},
    doi = {10.1109/CVPRW.2008.4563068},
    ISSN = {2160-7508},
},
@inproceedings{settles-entropy,
 author = {Settles, Burr and Craven, Mark},
 title = {An Analysis of Active Learning Strategies for Sequence Labeling Tasks},
 booktitle = {Proceedings of the Conference on Empirical Methods in Natural Language Processing},
 series = {EMNLP '08},
 year = {2008},
 location = {Honolulu, Hawaii},
 pages = {1070--1079},
 numpages = {10},
 url = {http://dl.acm.org/citation.cfm?id=1613715.1613855},
 acmid = {1613855},
 publisher = {Association for Computational Linguistics},
 address = {Stroudsburg, PA, USA},
},
@article{Hwa-entropy,
 author = {Hwa, Rebecca},
 title = {Sample Selection for Statistical Parsing},
 journal = {Comput. Linguist.},
 issue_date = {September 2004},
 volume = {30},
 number = {3},
 month = sep,
 year = {2004},
 issn = {0891-2017},
 pages = {253--276},
 numpages = {24},
 url = {http://dx.doi.org/10.1162/0891201041850894},
 doi = {10.1162/0891201041850894},
 acmid = {1105597},
 publisher = {MIT Press},
 address = {Cambridge, MA, USA},
},
@book{information-theory-cover,
 author = {Cover, Thomas M. and Thomas, Joy A.},
 title = {Elements of Information Theory},
 year = {1991},
 isbn = {0-471-06259-6},
 publisher = {Wiley-Interscience},
 address = {New York, NY, USA},
},
@phdthesis{al-logistic-regresion-schein,
 author = {Schein, Andrew Ian},
 title = {Active Learning for Logistic Regression},
 year = {2005},
 isbn = {0-542-43563-2},
 note = {AAI3197737},
 publisher = {University of Pennsylvania},
 address = {Philadelphia, PA, USA},
},
@article{forman-ig,
 author = {Forman, George},
 title = {An Extensive Empirical Study of Feature Selection Metrics for Text Classification},
 journal = {J. Mach. Learn. Res.},
 issue_date = {3/1/2003},
 volume = {3},
 month = mar,
 year = {2003},
 issn = {1532-4435},
 pages = {1289--1305},
 numpages = {17},
 url = {http://dl.acm.org/citation.cfm?id=944919.944974},
 acmid = {944974},
 publisher = {JMLR.org},
},
@book{libro-abney,
 author = {Abney, Steven},
 title = {Semisupervised Learning for Computational Linguistics},
 year = {2007},
 isbn = {1584885599, 9781584885597},
 edition = {1st},
 publisher = {Chapman \& Hall/CRC},
},
@article{Dempster-maximumlikelihood,
    author = {A. P. Dempster and N. M. Laird and D. B. Rubin},
    title = {Maximum likelihood from incomplete data via the EM algorithm},
    journal = {Journal of the Royal Statistical Society, Series B},
    year = {1977},
    volume = {39},
    number = {1},
    pages = {1--38}
},
@book{data-mining-Liu,
 author = {Liu, Bing},
 title = {Web Data Mining: Exploring Hyperlinks, Contents, and Usage Data (Data-Centric Systems and Applications)},
 year = {2006},
 isbn = {3540378812},
 publisher = {Springer-Verlag New York, Inc.},
 address = {Secaucus, NJ, USA},
}